% ------------------------------------------------------------------------
% SAMPLE BIBLIOGRAPHY FILE
% ------------------------------------------------------------------------
@book {SK,
	AUTHOR = {Katok, Svetlana},
	TITLE = {Fuchsian groups},
	SERIES = {Chicago Lectures in Mathematics},
	PUBLISHER = {University of Chicago Press, Chicago, IL},
	YEAR = {1992},
	PAGES = {x+175},
	ISBN = {0-226-42582-7; 0-226-42583-5},
	MRCLASS = {20H10 (30F35)},
	MRNUMBER = {1177168},
	MRREVIEWER = {I. Kra},
}

@book {PB,
	AUTHOR = {Buser, Peter},
	TITLE = {Geometry and spectra of compact {R}iemann surfaces},
	SERIES = {Modern Birkh\"{a}user Classics},
	NOTE = {Reprint of the 1992 edition},
	PUBLISHER = {Birkh\"{a}user Boston, Ltd., Boston, MA},
	YEAR = {2010},
	PAGES = {xvi+454},
	ISBN = {978-0-8176-4991-3},
	MRCLASS = {58J50 (30F10 32G15 58J53)},
	MRNUMBER = {2742784},
	DOI = {10.1007/978-0-8176-4992-0},
	URL = {https://doi.org/10.1007/978-0-8176-4992-0},
}

@book {BM,
	AUTHOR = {Martelli,Bruno},
	TITLE = {An Introduction to Geometric Topology},
	YEAR = {2016},
	URL = {https://people.dm.unipi.it/martelli/Geometric_topology.pdf},
}

@book {FB,
	AUTHOR = {Farb, Benson and Margalit, Dan},
	TITLE = {A primer on mapping class groups},
	SERIES = {Princeton Mathematical Series},
	VOLUME = {49},
	PUBLISHER = {Princeton University Press, Princeton, NJ},
	YEAR = {2012},
	PAGES = {xiv+472},
	ISBN = {978-0-691-14794-9},
	MRCLASS = {57M50 (20F36 20F65 57M07 57N05)},
	MRNUMBER = {2850125},
	MRREVIEWER = {Stephen P. Humphries},
}

@article {SPTAN,
    AUTHOR = {Tan, Ser Peow and Wong, Yan Loi and Zhang, Ying},
     TITLE = {Generalizations of {M}c{S}hane's identity to hyperbolic
              cone-surfaces},
   JOURNAL = {J. Differential Geom.},
  FJOURNAL = {Journal of Differential Geometry},
    VOLUME = {72},
      YEAR = {2006},
    NUMBER = {1},
     PAGES = {73--112},
      ISSN = {0022-040X},
   MRCLASS = {53C22},
  MRNUMBER = {2215456},
MRREVIEWER = {Colin C. Adams},
       URL = {http://projecteuclid.org/euclid.jdg/1143593126},
}

@article {PARLIER,
    AUTHOR = {Dryden, Emily B. and Parlier, Hugo},
     TITLE = {Collars and partitions of hyperbolic cone-surfaces},
   JOURNAL = {Geom. Dedicata},
  FJOURNAL = {Geometriae Dedicata},
    VOLUME = {127},
      YEAR = {2007},
     PAGES = {139--149},
      ISSN = {0046-5755},
   MRCLASS = {53C22 (53A35)},
  MRNUMBER = {2338522},
MRREVIEWER = {Athanase Papadopoulos},
       DOI = {10.1007/s10711-007-9172-6},
       URL = {https://doi.org/10.1007/s10711-007-9172-6},
}

@article {DT,
    AUTHOR = {Deroin, Bertrand and Tholozan, Nicolas},
     TITLE = {Supra-maximal representations from fundamental groups of
              punctured spheres to {$\rm PSL(2,\Bbb R)$}},
   JOURNAL = {Ann. Sci. \'{E}c. Norm. Sup\'{e}r. (4)},
  FJOURNAL = {Annales Scientifiques de l'\'{E}cole Normale Sup\'{e}rieure. Quatri\`eme
              S\'{e}rie},
    VOLUME = {52},
      YEAR = {2019},
    NUMBER = {5},
     PAGES = {1305--1329},
      ISSN = {0012-9593},
   MRCLASS = {57K20 (20F34 22F10)},
  MRNUMBER = {4057784},
       DOI = {10.24033/asens.241},
       URL = {https://doi.org/10.24033/asens.241},
}

@article {GOLDMAN,
    AUTHOR = {Goldman, William M.},
     TITLE = {The modular group action on real {${\rm SL}(2)$}-characters of
              a one-holed torus},
   JOURNAL = {Geom. Topol.},
  FJOURNAL = {Geometry and Topology},
    VOLUME = {7},
      YEAR = {2003},
     PAGES = {443--486},
      ISSN = {1465-3060},
   MRCLASS = {57M05 (20H10 30F60)},
  MRNUMBER = {2026539},
MRREVIEWER = {Bruno P. Zimmermann},
       DOI = {10.2140/gt.2003.7.443},
       URL = {https://doi.org/10.2140/gt.2003.7.443},
}

@article {GOLDMAN2,
    AUTHOR = {Goldman, William M.},
     TITLE = {Topological components of spaces of representations},
   JOURNAL = {Invent. Math.},
  FJOURNAL = {Inventiones Mathematicae},
    VOLUME = {93},
      YEAR = {1988},
    NUMBER = {3},
     PAGES = {557--607},
      ISSN = {0020-9910},
   MRCLASS = {57M05 (22E40 32G15)},
  MRNUMBER = {952283},
MRREVIEWER = {William Harvey},
       DOI = {10.1007/BF01410200},
       URL = {https://doi.org/10.1007/BF01410200},
}

@article {MARCHEWOLFF,
    AUTHOR = {March\'{e}, Julien and Wolff, Maxime},
     TITLE = {The modular action on {$\roman{PSL}_2(\Bbb{R})$}-characters in
              genus 2},
   JOURNAL = {Duke Math. J.},
  FJOURNAL = {Duke Mathematical Journal},
    VOLUME = {165},
      YEAR = {2016},
    NUMBER = {2},
     PAGES = {371--412},
      ISSN = {0012-7094},
   MRCLASS = {58D29 (20H10 30F60 32G15 57M05)},
  MRNUMBER = {3457677},
MRREVIEWER = {Yasushi Yamashita},
       DOI = {10.1215/00127094-3166522},
       URL = {https://doi.org/10.1215/00127094-3166522},
}

@article {MATHEWSCONE_1,
    AUTHOR = {Mathews, Daniel V.},
     TITLE = {Hyperbolic cone-manifold structures with prescribed holonomy
              {I}: punctured tori},
   JOURNAL = {Geom. Dedicata},
  FJOURNAL = {Geometriae Dedicata},
    VOLUME = {152},
      YEAR = {2011},
     PAGES = {85--128},
      ISSN = {0046-5755},
   MRCLASS = {57M50},
  MRNUMBER = {2795237},
MRREVIEWER = {Mahan Mj},
       DOI = {10.1007/s10711-010-9547-y},
       URL = {https://doi.org/10.1007/s10711-010-9547-y},
}
	
@article {MATHEWSCONE_2,
    AUTHOR = {Mathews, Daniel V.},
     TITLE = {Hyperbolic cone-manifold structures with prescribed holonomy
              {II}: higher genus},
   JOURNAL = {Geom. Dedicata},
  FJOURNAL = {Geometriae Dedicata},
    VOLUME = {160},
      YEAR = {2012},
     PAGES = {15--45},
      ISSN = {0046-5755},
   MRCLASS = {57M50},
  MRNUMBER = {2970041},
MRREVIEWER = {Mahan Mj},
       DOI = {10.1007/s10711-011-9668-y},
       URL = {https://doi.org/10.1007/s10711-011-9668-y},
}	


@article {MATHEWSMILNORWOOD,
    AUTHOR = {Mathews, Daniel V.},
     TITLE = {The hyperbolic meaning of the {M}ilnor-{W}ood inequality},
   JOURNAL = {Expo. Math.},
  FJOURNAL = {Expositiones Mathematicae},
    VOLUME = {30},
      YEAR = {2012},
    NUMBER = {1},
     PAGES = {49--68},
      ISSN = {0723-0869},
   MRCLASS = {57M50},
  MRNUMBER = {2899656},
       DOI = {10.1016/j.exmath.2011.08.002},
       URL = {https://doi.org/10.1016/j.exmath.2011.08.002},
}

@article {MALONI,
    AUTHOR = {Maloni, Sara and Palesi, Fr\'{e}d\'{e}ric and Tan, Ser Peow},
     TITLE = {On the character variety of the four-holed sphere},
   JOURNAL = {Groups Geom. Dyn.},
  FJOURNAL = {Groups, Geometry, and Dynamics},
    VOLUME = {9},
      YEAR = {2015},
    NUMBER = {3},
     PAGES = {737--782},
      ISSN = {1661-7207},
   MRCLASS = {57M50 (20F65)},
  MRNUMBER = {3420542},
MRREVIEWER = {Thomas Koberda},
       DOI = {10.4171/GGD/326},
       URL = {https://doi.org/10.4171/GGD/326},
}

@article {GKM,
    AUTHOR = {Gallo, Daniel and Kapovich, Michael and Marden, Albert},
     TITLE = {The monodromy groups of {S}chwarzian equations on closed
              {R}iemann surfaces},
   JOURNAL = {Ann. of Math. (2)},
  FJOURNAL = {Annals of Mathematics. Second Series},
    VOLUME = {151},
      YEAR = {2000},
    NUMBER = {2},
     PAGES = {625--704},
      ISSN = {0003-486X},
   MRCLASS = {57M50 (30F10 30F40 32G15)},
  MRNUMBER = {1765706},
MRREVIEWER = {Kevin P. Scannell},
       DOI = {10.2307/121044},
       URL = {https://doi.org/10.2307/121044},
}

@unpublished{LeFils,
     author = {Le Fils, Thomas},
     title = {Pentagon representations and complex projective structures on closed surfaces},
     journal = {Annales de l'Institut Fourier},
     publisher = {Association des Annales de l{\textquoteright}institut Fourier},
     year = {2022},
     doi = {10.5802/aif.3528},
     language = {en},
     note = {Online first},
}


% ------------------------------------------------------------------------
